@book{held2014,
  author    = {Held, Leonhard and Sabanes Bove, Daniel},
  title     = {Applied Statistical Inference: Likelihood and Bayes},
  publisher = {Springer},
  year      = {2014},
  isbn      = {978-3-642-37886-7},
note = {\url{https://doi.org/10.1007/978-3-642-37887-4}}
}

@Article{Harrison2010,
  title = {Introduction to Monte Carlo Simulation},
  ISSN = {0094-243X},
  DOI = {10.1063/1.3295638},
  booktitle = {AIP Conference Proceedings},
  publisher = {AIP},
  author = {Harrison,  Robert L. and Granja,  Carlos and Leroy,  Claude},
  year = {2010},
note = {\url{http://dx.doi.org/10.1063/1.3295638}}
}



@video{Marble2020,
  author = {MarbleScience},
  title  = {Monte Carlo Simulation [Video]},
  year   = {2020},
  howpublished = {\url{https://www.youtube.com/watch?v=7ESK5SaP-bc} [Accessed: 2024-03-16]},
}



