@book{held2014,
  author    = {Held, Leonhard and Sabanes Bove, Daniel},
  title     = {Applied Statistical Inference: Likelihood and Bayes},
  publisher = {Springer},
  year      = {2014},
  isbn      = {978-3-642-37886-7},
note = {\url{https://doi.org/10.1007/978-3-642-37887-4}}
}