@article{casella1992,
  author  = {Casella, George and George, Edward I.},
  title   = {Explaining the Gibbs Sampler.},
  journal = {The American Statistician},
  volume  = {46},
  number  = {3},
  pages   = {167--174},
  year    = {1992},
note = {\url{https://doi.org/10.2307/2685208}}
}

@article{geman1984,
  author  = {Geman, Stuart and Geman, Donald},
  title   = {Stochastic Relaxation, Gibbs Distributions, and the Bayesian Restoration of Images},
  journal = {IEEE Transactions on Pattern Analysis and Machine Intelligence},
  volume  = {PAMI-6},
  number  = {6},
  pages   = {721--741},
  year    = {1984},
note = {\url{https://doi.org/10.1109/tpami.1984.4767596}}
}

@article{robert2011,
  author  = {Robert, Christian P. and Casella, George},
  title   = {A Short History of Markov Chain Monte Carlo: Subjective Recollections from Incomplete Data},
  journal = {Statistical Science},
  volume  = {26},
  number  = {1},
  pages   = {102--115},
  year    = {2011},
note = {\url{https://doi.org/10.1007/978-3-642-37887-4}}
}


